@article{goldwasser1989knowledge:1,
  title={The knowledge complexity of interactive proof systems},
  author={Goldwasser, Shafi and Micali, Silvio and Rackoff, Charles},
  journal={SIAM Journal on computing},
  volume={18},
  number={1},
  pages={186--208},
  year={1989},
  publisher={SIAM}
}
@inproceedings{inproceedings:2,
	author = {Chalkias, Konstantinos and Hearn, Mike},
	year = {2019},
	month = {02},
	pages = {},
	title = {Demonstrate how Zero-Knowledge Proofs work without using maths}
}
@misc{lec-notes1:3,
	author = "Vipul Goyal and Josh Ackerman",
	title  = "{Introduction to Cryptography,Lecture 19: Zero-Knowledge Proofs I}",
	note   = "URL: \url{https://www.cs.cmu.edu/~goyal/s18/15503/scribe_notes/lecture21.pdf}. 
	Last visited on 2020/05/13",
	year   = 2018,
}
@phdthesis{couteau2017zero:4,
	title={Zero-knowledge proofs for secure computation},
	author={Couteau, Geoffroy},
	year={2017}
}
@book{gross2003handbook:5,
	title={Handbook of graph theory},
	author={Gross, Jonathan L and Yellen, Jay},
	year={2003},
	publisher={CRC press}
}
@misc{lec-notes2:6,
	author = "Vipul Goyal and Josh Ackerman",
	title  = "{Introduction to Cryptography,Lecture 20: Zero-Knowledge Proofs II}",
	note   = "URL: \url{https://www.cs.cmu.edu/~goyal/s18/15503/scribe_notes/lecture22.pdf}. 
	Last visited on 2020/05/13",
	year   = 2018,
}
@unknown{unknown:7,
	author = {Morais, Eduardo and Koens, Tommy and Wijk, Cees and Koren, Aleksei},
	year = {2019},
	month = {07},
	pages = {},
	title = {A Survey on Zero Knowledge Range Proofs and Applications}
}
@misc{lec-notes3:8,
	author = "Kurt Mehlhorn & He Sun",
	title  = "{Great Ideas in Theoretical Computer Science, Lecture 9: Zero-Knowledge Proofs}",
	note   = "URL: \url{http://resources.mpi-inf.mpg.de/departments/d1/teaching/ss13/gitcs/lecture9.pdf}. 
	Last visited on 2020/05/17",
	year   = 2013,
}
@misc{lec-notes4:9,
	author = " Kevin Wayne",
	title  = "{Lecture Slides for Algorithm Design,  INTRACTABILITY II}",
	note   = "URL: \url{https://www.cs.princeton.edu/~wayne/kleinberg-tardos/pdf/08IntractabilityII.pdf}. 
	Last visited on 2020/05/17",
	year   = 2020,
}
@misc{lec-notes5:10,
	author = " Michael Dinitz",
	title  = "{ Introduction to Algorithms / 600.463 Algorithms I}",
	note   = "URL: \url{https://www.cs.jhu.edu/~mdinitz/classes/IntroAlgorithms/Fall2014/Lectures/lecture21.pdf}. 
	Last visited on 2020/05/17",
	year   = 2014,
}
@misc{lec-notes6:11,
	author = "  Irit Dinur and  Shai Shalev-Shwartz",
	title  = "{  Advanced Topics in Complexity: PCP Theory, Lecture 1}",
	note   = "URL: \url{https://www.cse.huji.ac.il/~pcp/lecture-notes/lect01/lect01.pdf}. 
	Last visited on 2020/05/17",
	year   = 2004,
}
@inproceedings{almuhammadi2005security:12,
	title={Security and privacy using one-round zero-knowledge proofs},
	author={Almuhammadi, Sultan and Neuman, Clifford},
	booktitle={Seventh IEEE International Conference on E-Commerce Technology (CEC'05)},
	pages={435--438},
	year={2005},
	organization={IEEE}
}
@article{zknowledge:13,
	title={	Overview and Applications of Zero Knowledge Proof (ZKP)},
	author={Jahid Hasan},
	journal={International Journal of Computer Science and Network},
	volume={8},
	pages={436-440},
	year={2019},
	publisher={IJCSN}
}
@phdthesis{z2018zero:14,
	title={Zero Knowledge Proofs and Applications to Financial Regulation},
	author={Gowravaram, Nihal R},
	year={2018}
}
@book{goldreich2005foundations:15,
	title={Foundations of cryptography: a primer},
	author={Goldreich, Oded},
	volume={1},
	year={2005},
	publisher={Now Publishers Inc}
}
@inproceedings{babai2016graph:16,
	title={Graph isomorphism in quasipolynomial time},
	author={Babai, L{\'a}szl{\'o}},
	booktitle={Proceedings of the forty-eighth annual ACM symposium on Theory of Computing},
	pages={684--697},
	year={2016}
}
@book{goldreich2007foundations:17,
	title={Foundations of cryptography: volume 1, basic tools},
	author={Goldreich, Oded},
	year={2007},
	publisher={Cambridge university press}
}